@book{MenezesOV2001,
	added-at  = {2007-04-16T14:16:26.000+0200},
	author    = {Menezes, Alfred J. and van Oorschot, Paul C. and Vanstone, Scott A.},
	biburl    = {https://www.bibsonomy.org/bibtex/21fb86a3afb62bbb4bc2f94a0299a4d59/kidloc},
	interhash = {d5837a554ce2ffd49f551045400e244c},
	intrahash = {1fb86a3afb62bbb4bc2f94a0299a4d59},
	keywords  = {cryptography handbook programming reference security},
	publisher = {CRC Press},
	timestamp = {2007-04-16T14:16:26.000+0200},
	title     = {Handbook of Applied Cryptography},
	url       = {http://www.cacr.math.uwaterloo.ca/hac/},
	year      = 2001
}

@phdthesis{Merkle1979,
	author    = {Merkle, Ralph Charles},
	title     = {Secrecy, Authentication, and Public Key Systems.},
	year      = {1979},
	publisher = {Stanford University},
	address   = {Stanford, CA, USA},
	school    = {Stanford University},
	note      = {AAI8001972}
}

@inbook{Preneel2005,
	author    = {Preneel, Bart},
	editor    = {van Tilborg, Henk C. A.},
	title     = {Davies--Meyer Hash Function},
	booktitle = {Encyclopedia of Cryptography and Security},
	year      = {2005},
	publisher = {Springer US},
	address   = {Boston, MA},
	pages     = {136--136},
	isbn      = {978-0-387-23483-0},
	doi       = {10.1007/0-387-23483-7_96},
	url       = {https://doi.org/10.1007/0-387-23483-7_96}
}

@inproceedings{Merkle1988,
	author    = {Merkle, Ralph C.},
	editor    = {Pomerance, Carl},
	title     = {A Digital Signature Based on a Conventional Encryption Function},
	booktitle = {Advances in Cryptology --- CRYPTO '87},
	year      = {1988},
	publisher = {Springer Berlin Heidelberg},
	address   = {Berlin, Heidelberg},
	pages     = {369--378},
	abstract  = {A new digital signature based only on a conventional encryption function (such as DES) is described which is as secure as the underlying encryption function -- the security does not depend on the difficulty of factoring and the high computational costs of modular arithmetic are avoided. The signature system can sign an unlimited number of messages, and the signature size increases logarithmically as a function of the number of messages signed. Signature size in a `typical' system might range from a few hundred bytes to a few kilobytes, and generation of a signature might require a few hundred to a few thousand computations of the underlying conventional encryption function.},
	isbn      = {978-3-540-48184-3}
}

@book{NarayananBFMG2016,
	added-at    = {2022-06-15T13:45:34.000+0200},
	author      = {Narayanan, A. and Bonneau, J. and Felten, E. and Miller, A. and Goldfeder, S.},
	biburl      = {https://www.bibsonomy.org/bibtex/24f1f765811e5302c3434928d60ff7b08/daniel_grm9},
	description = {Bitcoin and Cryptocurrency Technologies: A Comprehensive Introduction - Arvind Narayanan, Joseph Bonneau, Edward Felten, Andrew Miller, Steven Goldfeder - Google Books},
	interhash   = {d192e0252bdb2487fe1a57dc567386e8},
	intrahash   = {4f1f765811e5302c3434928d60ff7b08},
	isbn        = {9781400884155},
	keywords    = {itsecseminar},
	lccn        = {2016014802},
	publisher   = {Princeton University Press},
	timestamp   = {2022-06-15T13:45:34.000+0200},
	title       = {Bitcoin and Cryptocurrency Technologies: A Comprehensive Introduction},
	url         = {https://books.google.de/books?id=LchFDAAAQBAJ},
	year        = 2016
}

@inproceedings{BitanskyCCT2012,
	author    = {Bitansky, Nir and Canetti, Ran and Chiesa, Alessandro and Tromer, Eran},
	title     = {From Extractable Collision Resistance to Succinct Non-Interactive Arguments of Knowledge, and Back Again},
	year      = {2012},
	isbn      = {9781450311151},
	publisher = {Association for Computing Machinery},
	address   = {New York, NY, USA},
	url       = {https://doi.org/10.1145/2090236.2090263},
	doi       = {10.1145/2090236.2090263},
	abstract  = {The existence of succinct non-interactive arguments for NP (i.e., non-interactive computationally-sound proofs where the verifier's work is essentially independent of the complexity of the NP nondeterministic verifier) has been an intriguing question for the past two decades. Other than CS proofs in the random oracle model [Micali, FOCS '94], the only existing candidate construction is based on an elaborate assumption that is tailored to a specific protocol [Di Crescenzo and Lipmaa, CiE '08].We formulate a general and relatively natural notion of an extractable collision-resistant hash function (ECRH) and show that, if ECRHs exist, then a modified version of Di Crescenzo and Lipmaa's protocol is a succinct non-interactive argument for NP. Furthermore, the modified protocol is actually a succinct non-interactive adaptive argument of knowledge (SNARK). We then propose several candidate constructions for ECRHs and relaxations thereof.We demonstrate the applicability of SNARKs to various forms of delegation of computation, to succinct non-interactive zero knowledge arguments, and to succinct two-party secure computation. Finally, we show that SNARKs essentially imply the existence of ECRHs, thus demonstrating the necessity of the assumption.},
	booktitle = {Proceedings of the 3rd Innovations in Theoretical Computer Science Conference},
	pages     = {326--349},
	numpages  = {24},
	location  = {Cambridge, Massachusetts},
	series    = {ITCS '12}
}

@book{Dang2015,
	title       = {Secure Hash Standard},
	url         = {http://dx.doi.org/10.6028/NIST.FIPS.180-4},
	doi         = {10.6028/nist.fips.180-4},
	institution = {National Institute of Standards and Technology},
	author      = {Dang, Quynh H.},
	year        = {2015},
	month       = {Jul}
}

@misc{AlbrechtGRRT2016,
	author       = {Martin Albrecht and Lorenzo Grassi and Christian Rechberger and Arnab Roy and Tyge Tiessen},
	title        = {MiMC: Efficient Encryption and Cryptographic Hashing with Minimal Multiplicative Complexity},
	howpublished = {Cryptology ePrint Archive, Paper 2016/492},
	year         = {2016},
	note         = {\url{https://eprint.iacr.org/2016/492}},
	url          = {https://eprint.iacr.org/2016/492}
}

@article{AndreevaBR2021,
	author     = {Elena Andreeva and
	              Rishiraj Bhattacharyya and
	              Arnab Roy},
	title      = {Compactness of Hashing Modes and Efficiency beyond Merkle Tree},
	journal    = {CoRR},
	volume     = {abs/2104.15055},
	year       = {2021},
	url        = {https://arxiv.org/abs/2104.15055},
	eprinttype = {arXiv},
	eprint     = {2104.15055},
	timestamp  = {Tue, 04 May 2021 15:12:43 +0200},
	biburl     = {https://dblp.org/rec/journals/corr/abs-2104-15055.bib},
	bibsource  = {dblp computer science bibliography, https://dblp.org}
}

@book{Savage1997,
	author    = {Savage, John E.},
	title     = {Models of Computation: Exploring the Power of Computing},
	year      = {1997},
	isbn      = {0201895390},
	publisher = {Addison-Wesley Longman Publishing Co., Inc.},
	address   = {USA},
	edition   = {1st},
	abstract  = {From the Publisher: Your book fills the gap which all of us felt existed too long. Congratulations on this excellent contribution to our field." --Jan van Leeuwen, Utrecht University "This is an impressive book. The subject has been thoroughly researched and carefully presented. All the machine models central to the modern theory of computation are covered in depth; many for the first time in textbook form. Readers will learn a great deal from the wealth of interesting material presented." --Andrew C. Yao, Professor of Computer Science, Princeton University "Models of Computation" is an excellent new book that thoroughly covers the theory of computation including significant recent material and presents it all with insightful new approaches. This long-awaited book will serve as a milestone for the theory community." --Akira Maruoka, Professor of Information Sciences, Tohoku University "This is computer science." --Elliot Winard, Student, Brown University In Models of Computation: Exploring the Power of Computing, John Savage re-examines theoretical computer science, offering a fresh approach that gives priority to resource tradeoffs and complexity classifications over the structure of machines and their relationships to languages. This viewpoint reflects a pedagogy motivated by the growing importance of computational models that are more realistic than the abstract ones studied in the 1950s, '60s and early '70s. Assuming onlysome background in computer organization, Models of Computation uses circuits to simulate machines with memory, thereby making possible an early discussion of P-complete and NP-complete problems. Circuits are also used to demonstrate that tradeoffs between parameters of computation, such as space and time, regulate all computations by machines with memory. Full coverage of formal languages and automata is included along with a substantive treatment of computability. Topics such as space-time tradeoffs, memory hierarchies, parallel computation, and circuit complexity, are integrated throughout the text with an emphasis on finite problems and concrete computational models FEATURES: Includes introductory material for a first course on theoretical computer science. Builds on computer organization to provide an early introduction to P-complete and NP-complete problems. Includes a concise, modern presentation of regular, context-free and phrase-structure grammars, parsing, finite automata, pushdown automata, and computability. Includes an extensive, modern coverage of complexity classes. Provides an introduction to the advanced topics of space-time tradeoffs, memory hierarchies, parallel computation, the VLSI model, and circuit complexity, with parallelism integrated throughout. Contains over 200 figures and over 400 exercises along with an extensive bibliography. ** Instructor's materials are available from your sales rep. If you do not know your local sales representative, please call 1-800-552-2499 for assistance, or use the Addison Wesley Longman rep-locator at ...}
}

@inproceedings{Cook1971,
	author    = {Cook, Stephen A.},
	title     = {The Complexity of Theorem-Proving Procedures},
	year      = {1971},
	isbn      = {9781450374644},
	publisher = {Association for Computing Machinery},
	address   = {New York, NY, USA},
	url       = {https://doi.org/10.1145/800157.805047},
	doi       = {10.1145/800157.805047},
	abstract  = {It is shown that any recognition problem solved by a polynomial time-bounded nondeterministic Turing machine can be “reduced” to the problem of determining whether a given propositional formula is a tautology. Here “reduced” means, roughly speaking, that the first problem can be solved deterministically in polynomial time provided an oracle is available for solving the second. From this notion of reducible, polynomial degrees of difficulty are defined, and it is shown that the problem of determining tautologyhood has the same polynomial degree as the problem of determining whether the first of two given graphs is isomorphic to a subgraph of the second. Other examples are discussed. A method of measuring the complexity of proof procedures for the predicate calculus is introduced and discussed.},
	booktitle = {Proceedings of the Third Annual ACM Symposium on Theory of Computing},
	pages     = {151--158},
	numpages  = {8},
	location  = {Shaker Heights, Ohio, USA},
	series    = {STOC '71}
}

@inproceedings{Shor1994,
	author    = {Shor, P.W.},
	booktitle = {Proceedings 35th Annual Symposium on Foundations of Computer Science},
	title     = {Algorithms for quantum computation: discrete logarithms and factoring},
	year      = {1994},
	volume    = {},
	number    = {},
	pages     = {124-134},
	doi       = {10.1109/SFCS.1994.365700}
}

@inbook{DrosteK2009,
	author    = {Droste, Manfred
	             and Kuich, Werner},
	editor    = {Droste, Manfred
	             and Kuich, Werner
	             and Vogler, Heiko},
	title     = {Semirings and Formal Power Series},
	booktitle = {Handbook of Weighted Automata},
	year      = {2009},
	publisher = {Springer Berlin Heidelberg},
	address   = {Berlin, Heidelberg},
	pages     = {3--28},
	abstract  = {This chapter presents basic foundations for the theory of weighted automata: semirings and formal power series. A fundamental question is how to extend the star operation (Kleene iteration) from languages to series. For this, we investigate ordered, complete and continuous semirings and the related concepts of star semirings and Conway semirings. We derive natural properties for the Kleene star of cycle-free series and also of matrices often used to analyze the behavior of weighted automata. Finally, we investigate cycle-free linear equations which provide a useful tool for proving identities for formal power series.},
	isbn      = {978-3-642-01492-5},
	doi       = {10.1007/978-3-642-01492-5_1},
	url       = {https://doi.org/10.1007/978-3-642-01492-5_1}
}

@misc{AlKuwariDB2011,
	author       = {Saif Al-Kuwari and James H.  Davenport and Russell J.  Bradford},
	title        = {Cryptographic Hash Functions: Recent Design Trends and Security Notions},
	howpublished = {Cryptology ePrint Archive, Paper 2011/565},
	year         = {2011},
	note         = {\url{https://eprint.iacr.org/2011/565}},
	url          = {https://eprint.iacr.org/2011/565}
}

@misc{Goldreich2002,
	title     = {Zero-Knowledge twenty years after its invention},
	booktitle = {IACR Eprint archive},
	keywords  = {foundations / Probabilistic Proof Systems, Zero-Knowledge},
	url       = {http://eprint.iacr.org/2002/186},
	note      = { oded@wisdom.weizmann.ac.il 12026 received 5 Dec 2002},
	author    = {Oded Goldreich},
	year      = 2002
}

@misc{ParnoGHR2013,
	author       = {Bryan Parno and Craig Gentry and Jon Howell and Mariana Raykova},
	title        = {Pinocchio: Nearly Practical Verifiable Computation},
	howpublished = {Cryptology ePrint Archive, Paper 2013/279},
	year         = {2013},
	note         = {\url{https://eprint.iacr.org/2013/279}},
	url          = {https://eprint.iacr.org/2013/279}
}

@inproceedings{Rivest1990,
	title     = {The MD5 Message-Digest Algorithm},
	author    = {Ronald L. Rivest},
	booktitle = {RFC},
	year      = {1990}
}

@misc{SassonCTV2013,
	author       = {Eli Ben-Sasson and Alessandro Chiesa and Eran Tromer and Madars Virza},
	title        = {Succinct Non-Interactive Zero Knowledge for a von Neumann Architecture},
	howpublished = {Cryptology ePrint Archive, Paper 2013/879},
	year         = {2013},
	note         = {\url{https://eprint.iacr.org/2013/879}},
	url          = {https://eprint.iacr.org/2013/879}
}
